@article{bancilhon1985note,
  title={A note on the performance of Rule Based Systems},
  author={Bancilhon, F},
  journal={MCC Technical Report DB-022-85},
  year={1985}
}

@book{bancilhon1986amateur,
  title={An amateur's introduction to recursive query processing strategies},
  author={Bancilhon, Francois and Ramakrishnan, Raghu},
  volume={15},
  number={2},
  year={1986},
  publisher={ACM}
}

@book{bancilhon1986naive,
  title={Naive evaluation of recursively defined relations},
  author={Bancilhon, Francois},
  year={1986},
  publisher={Springer}
}

@article{qian1991incremental,
  title={Incremental recomputation of active relational expressions},
  author={Qian, Xiaolei and Wiederhold, Gio},
  journal={Knowledge and Data Engineering, IEEE Transactions on},
  volume={3},
  number={3},
  pages={337--341},
  year={1991},
  publisher={IEEE}
}

@article{griffin1997improved,
  title={An improved algorithm for the incremental recomputation of active relational expressions},
  author={Griffin, Timothy and Libkin, Leonid and Trickey, Howard},
  journal={IEEE Transactions on Knowledge \& Data Engineering},
  number={3},
  pages={508--511},
  year={1997},
  publisher={IEEE}
}

@article{gupta1993maintaining,
  title={Maintaining views incrementally},
  author={Gupta, Ashish and Mumick, Inderpal Singh and Subrahmanian, Venkatramanan Siva},
  journal={ACM SIGMOD Record},
  volume={22},
  number={2},
  pages={157--166},
  year={1993},
  publisher={ACM}
}

@article{gupta1995maintenance,
  title={Maintenance of materialized views: Problems, techniques, and applications},
  author={Gupta, Ashish and Mumick, Inderpal Singh and others},
  journal={IEEE Data Eng. Bull.},
  volume={18},
  number={2},
  pages={3--18},
  year={1995}
}

@inproceedings{harrison1992maintenance,
  title={Maintenance of Materialized Views in a Deductive Database: An Update Propagation Approach.},
  author={Harrison, John V and Dietrich, Suzanne W},
  booktitle={Workshop on Deductive Databases, JICSLP},
  pages={56--65},
  year={1992}
}

@article{dong2000incremental,
  title={Incremental maintenance of recursive views using relational calculus/SQL},
  author={Dong, Guozhu and Su, Jianwen},
  journal={ACM SIGMOD Record},
  volume={29},
  number={1},
  pages={44--51},
  year={2000},
  publisher={ACM}
}

@inproceedings{cai2014changes,
  title={A theory of changes for higher-order languages: Incrementalizing $\lambda$-calculi by static differentiation},
  author={Cai, Yufei and Giarrusso, Paolo G and Rendel, Tillmann and Ostermann, Klaus},
  booktitle={ACM SIGPLAN Notices},
  volume={49},
  number={6},
  pages={145--155},
  year={2014},
  organization={ACM}
}

@inproceedings{arntz2016datafun,
  title={Datafun: a functional Datalog},
  author={Arntzenius, Michael and Krishnaswami, Neelakantan R},
  booktitle={Proceedings of the 21st ACM SIGPLAN International Conference on Functional Programming},
  pages={214--227},
  year={2016},
  organization={ACM}
}

@unpublished{arntz2017fixpoints,
  title={Static differentiation of monotone fixpoints},
  author={Arntzenius, Michael},
  note={http://www.rntz.net/files/fixderiv.pdf},
  year={2017}
}

@book{kilp2000monoids,
  title={Monoids, Acts and Categories: With Applications to Wreath Products and Graphs. A Handbook for Students and Researchers},
  author={Kilp, Mati and Knauer, Ulrich and Mikhalev, Alexander V},
  volume={29},
  year={2000},
  publisher={Walter de Gruyter}
}

